<?xml version="1.0" encoding="UTF-8"?><record xmlns="http://www.loc.gov/MARC21/slim" xmlns:cinclude="http://apache.org/cocoon/include/1.0" xmlns:zs="http://www.loc.gov/zing/srw/">
  <leader>00455nz  a2200133n  4500</leader>
  <controlfield tag="001">n 2010020829</controlfield>
  <controlfield tag="003">DLC</controlfield>
  <controlfield tag="005">20100408134855.0</controlfield>
  <controlfield tag="008">100407n| acannaabn          |a aaa      </controlfield>
  <datafield tag="010" ind1=" " ind2=" ">
    <subfield code="a">n 2010020829</subfield>
  </datafield>
  <datafield tag="040" ind1=" " ind2=" ">
    <subfield code="a">DLC</subfield>
    <subfield code="b">eng</subfield>
    <subfield code="c">DLC</subfield>
  </datafield>
  <datafield tag="100" ind1="1" ind2=" ">
    <subfield code="a">Suárez Salvà, Manel,</subfield>
    <subfield code="d">1959-</subfield>
  </datafield>
  <datafield tag="400" ind1="1" ind2=" ">
    <subfield code="a">Salvà, Manel Suárez,</subfield>
    <subfield code="d">1959-</subfield>
  </datafield>
  <datafield tag="670" ind1=" " ind2=" ">
    <subfield code="a">Suárez Salvà, Manel. El moviment obrer a Calvià (1923-1936), 2008:</subfield>
    <subfield code="b">t.p. (Manel Suárez Salvà) cover flap (b. Calvià, 1959)</subfield>
  </datafield>
</record>